@inproceedings{stegano-hiding-data,
author={Dhobale, D.D. and Ghorpade, V.R. and Patil, B.S. and Patil, S.B.},
booktitle={Advanced Computer Theory and Engineering (ICACTE), 2010 3rd International Conference on},
title={Steganography by hiding data in TCP/IP headers},
year={2010},
volume={4},
pages={V4-61-V4-65},
keywords={Internet;chaos generators;cryptography;message authentication;steganography;transport protocols;IP header;Internet;MTU discovery;TCP header;chaos sequence generation;data hiding;fourth order chaotic system;message hiding;secret message encryption;steganography;Chaotic communication;Conferences;IP networks;Data hiding;TCP/IP;covert channels;network security;steganography},
doi={10.1109/ICACTE.2010.5579643},
ISSN={2154-7491},}

@inproceedings{hiding-osi-model,
 author = {Handel, Theodore G. and Sandford,II, Maxwell T.},
 title = {Hiding Data in the OSI Network Model},
 booktitle = {Proceedings of the First International Workshop on Information Hiding},
 year = {1996},
 isbn = {3-540-61996-8},
 pages = {23--38},
 numpages = {16},
 url = {http://dl.acm.org/citation.cfm?id=647594.731523},
 acmid = {731523},
 publisher = {Springer-Verlag},
 address = {London, UK, UK},
}

@inproceedings{ciobanu2011sconep,
  title={SCONeP: Steganography and Cryptography approach for UDP and ICMP},
  author={Ciobanu, R and Tirsa, M and Lupu, Raluca and Stan, Sonia and Andreica, Mugurel Ionut},
  booktitle={Roedunet International Conference (RoEduNet), 2011 10th},
  pages={1--6},
  year={2011},
  organization={IEEE}
}

@article{huffman1952method,
  title={A method for the construction of minimum-redundancy codes},
  author={Huffman, David A},
  journal={Proceedings of the IRE},
  volume={40},
  number={9},
  pages={1098--1101},
  year={1952},
  publisher={IEEE}
}

@misc{rfc1146,
  author="J. Zweig and C. Partridge",
  title="{TCP alternate checksum options}",
  series="Request for Comments",
  number="1146",
  howpublished="RFC 1146 (Historic)",
  publisher="IETF",
  organization="Internet Engineering Task Force",
  year=1990,
  month=mar,
    note="Obsoleted by RFC 6247",
  url="http://www.ietf.org/rfc/rfc1146.txt",
}

@inproceedings{mptcp,
 author = {Raiciu, Costin and Paasch, Christoph and Barre, Sebastien and Ford, Alan and Honda, Michio and Duchene, Fabien and Bonaventure, Olivier and Handley, Mark},
 title = {How Hard Can It Be? Designing and Implementing a Deployable Multipath TCP},
 booktitle = {Proceedings of the 9th USENIX Conference on Networked Systems Design and Implementation},
 series = {NSDI'12},
 year = {2012},
 location = {San Jose, CA},
 pages = {29--29},
 numpages = {1},
 url = {http://dl.acm.org/citation.cfm?id=2228298.2228338},
 acmid = {2228338},
 publisher = {USENIX Association},
 address = {Berkeley, CA, USA},
} 
